@inproceedings{Andrysco2016,
author = "Marc Andryso and Ranjit Jhala and Sorin Lerner",
title = "Printing Floating-Point Numbers: A Faster, Always Correct Method",
booktitle = "Proceedings of the 43rd Annual {ACM} {SIGPLAN-SIGACT} Symposium on Principles of Programming Languages (POPL '16)",
year = 2016,
url = "https://dl.acm.org/doi/10.1145/2837614.2837654",
pages = "555--567",
doi = "10.1145/2837614.2837654",
}

@book{Apple1994,
author = "Kenneth R. Beesley and Dirk Elzinga",
title = "Inside Macintosh:  PowerPC System Software",
publisher = "Addison-Wesley",
address = "Boston",
year = 1994,
url = "https://developer.apple.com/library/archive/documentation/mac/pdf/PPC\_System\_Software/Intro\_to\_PowerPC.pdf",
}

@article{Babuska1969,
author = "Ivo Babuška",
title = "Numerical stability in mathematical analysis",
journal = "Information Processing",
volume = 68,
year = 1969,
pages = "11--23",
}

@misc{Cerlane2018,
author = "Leong Cerlane",
title = "SoftPosit",
note = "Git repository",
year = 2018,
url = "https://gitlab.com/cerlane/SoftPosit",
}

@inproceedings{Citron1998,
author = "D. Citron and D. Feitelson and L. Rudolph",
title = "Accelerating multi-media processing by implementing memoing in multiplication and division units",
booktitle = "Proceedings of 8th International Conference on Architectural Support for Programming Languages and Operating Systems (ASPLOS-VIII)",
year = 1998,
pages = "252--261",
}

% https://en.cppreference.com/w/c/numeric/fenv
@misc{CPPRef,
title = "Floating-point environment",
journal = "C++ Reference",
year = 2023,
url = "https://en.cppreference.com/w/c/numeric/fenv",
}

@misc{Dawson2013,
author = "Bruce Dawson",
title = "Floating-Point Determinism",
journal = "Random ASCII",
year = 2013,
url = "https://randomascii.wordpress.com/2013/07/16/floating-point-determinism/",
}

@misc{Demmel2017,
author = "James Demmel and M. Gates and G. Henry and X. S. Li and J. Riedy and P. T. P. Tang"},
title = "A Proposal for a Next-Generation {BLAS}",
year = 2017,
url = "https://docs.google.com/document/d/1DY4ImZT1coqri2382GusXgBTTTVdBDvtD5I14QHp9OE/edit#heading=h.jtgipeoidy9",
}

%  Edelman, Alan (January 1, 1997). "The Mathematics of the Pentium Division Bug" (PDF). SIAM Review. 39 (1): 54–67. Bibcode:1997SIAMR..39...54E. doi:10.1137/S0036144595293959. Retrieved April 11, 2021.
@article{Edelman1997,
author = "Alan Edelman",
title = "The Mathematics of the Pentium Division Bug",
journal = "SIAM Review",
volume = 39,
number = 1,
year = 1997,
pages = "54--67",
doi = "10.1137/S0036144595293959",
}

@phdthesis{Figueroa2000,
author = "S. A. Figueroa del Cid",
title = "A Rigorous Framework for Fully Supporting the {IEEE} Standard for Floating-Point Arithmetic in High-Level Programming Languages",
school = "New York University",
year = 2000,
month = "January",
}

@misc{Foote1999,
author = "Brian Foote and Joseph Yoder",
title = "Big Ball of Mud",
year = 1999,
url = "http://laputan.org/mud/mud.html",
}

@article{Goldberg1991,
author = "David Goldberg",
title = "What Every Computer Scientist Should Know About Floating-Point Arithmetic",
journal = "ACM Computing Surveys",
volume = 23,
number = 1,
year = 1991,
pages = "5--48",
url = "https://dl.acm.org/doi/pdf/10.1145/103162.103163",
}

@book{Gustafson2015,
author = "John L. Gustafson",
title = "The End of Error: Unum Computing",
publisher = "A K Peters/CRC Press",
year = 2015,
isbn = "978-1-4822-3986-7",
}

@misc{Gustafson2017,
author = "John L. Gustafson",
title = "Posit Arithmetic",
year = 2017,
url = "https://posithub.org/docs/Posits4.pdf",
}

@misc{Gustafson2017a,
author = "John L. Gustafson",
title = "Beyond Floating Point: Next Generation Computer Arithmetic (Stanford Seminar)",
year = 2017,
url = "https://www.youtube.com/watch?v=aP0Y1uAA-2Y",
}

@misc{Hauser2018,
author = "John R. Hauser",
title = "Berkeley SoftFloat Release 3e",
year = 2018,
url = "http://www.jhauser.us/arithmetic/SoftFloat-3/doc/SoftFloat.html",
}

@book{Higham2002,
author = "Nicholas J. Higham",
title = "Accuracy and Stability of Numerical Algorithms",
edition = "2nd ed",
publisher = "SIAM",
address = "Philadelphia",
year = 2002,
}

@misc{IEEE754-2008,
author = "IEEE",
title = "754-2008 {IEEE} Standard for Floating-Point Arithmetic",
year = 2008,
url = "https://ieeexplore.ieee.org/document/4610935",
}

@misc{ISO9899,
author = "ISO/IEC",
title = "ISO/IEC 9899:2018 Information technology -- Programming languages -- {C}",
year = 2018,
url = "https://www.iso.org/standard/74528.html",
}

@article{Izquierdo2006,
author = "Luis R. Izquierdo and J. Gary Polhill",
title = "Is your model susceptible to floating point errors?",
journal = "Journal of Artificial Societies and Social Simulation",
volume = 9,
number = 4,
year = 2006,
url = "https://www.jasss.org/9/4/4.html",
}

@book{Jones2008,
author = "Derek M. Jones",
title = "The New C Standard:  An Economic and Cultural Commentary",
year = 2008,
}

@article{Kahan1965,
author = "William Kahan",
title = "Further remarks on reducing truncation errors",
journal = "Communications of the ACM",
volume = 8,
number = 1,
year = 1965,
pages = "40",
doi = "10.1145/363707.363723",
}

@misc{Kahan1997,
author = "William Kahan",
title = "Lecture Notes on the Status of {IEEE} {Standard} 754 for Binary Floating-Point Arithmetic",
year = 1997,
url = "https://people.eecs.berkeley.edu/~wkahan/ieee754status/IEEE754.PDF",
}

@misc{Kahan1997a,
author = "William Kahan",
title = "The Baleful Effect of Computer Languages and Benchmarks upon Applied Mathematics, Physics and Chemistry ({John} {von} {Neumann} Lecture)",
year = 1997,
url = "https://people.eecs.berkeley.edu/~wkahan/SIAMjvnl.pdf",
}

@misc{Kharva2020,
author = "Paresh Kharva",
title = "{TensorFloat-32} in the {A100} {GPU} Accelerates {AI} Training, {HPC} up to 20x",
journal = "NVIDIA Developer Blog",
year = 2020,
url = "https://blogs.nvidia.com/blog/2020/05/14/tensorfloat-32-precision-format/",
}

@misc{KloudKoder2022,
author = "KloudKoder",
title = " Floating-point rounding mode control prototyping ({WebAssembly} Issue \#1456)",
year = 2022,
note = "Git repository",
url = "https://github.com/WebAssembly/design/issues/1456",
}

@misc{LeBrun2018,
author = "Laurent Le Brun",
title = "Making floating point numbers smaller",
journal = "Ctrl-Alt-Test",
year = 2018,
url = "https://www.ctrl-alt-test.fr/2018/making-floating-point-numbers-smaller/",
}

@article{MacDonald1991,
author = "Tom MacDonald",
title = "C for Numerical Computing",
journal = "Journal of Supercomputing",
volume = 5,
number = 1,
year = 1991,
pages = "31--48",
doi = "10.1007/BF00155856",
}

@misc{Monk2020,
author = "Philip C. Monk",
title = "Urbit Precepts",
year = 2020,
url = "https://urbit.org/blog/precepts",
}

@misc{Monk2020a,
author = "Philip C. Monk",
title = "Urbit Precepts (Discussion)",
year = 2020,
url = "https://urbit.org/blog/precepts-discussion",
}

@misc{Peters2021,
author = "Christoph Peters",
title = "{fma}:  A faster, more accurate instruction",
journal = "Moments in Graphics",
year = 2021,
url = "https://momentsingraphics.de/FMA.html",
}

@techreport{Posit2022,
author = "Posit Working Group",
title = "Standard for Posit™ Arithmetic",
year = 2022,
url = "https://posithub.org/docs/posit\_standard-2.pdf",
}

@misc{ReproBLAS,
author = "Peter Ahrens and Hong Diep Nguyen and James Demmel",
title = "{ReproBLAS}:  Reproducible Basic Linear Algebra Subprograms",
year = 2018,
url = "https://bebop.cs.berkeley.edu/reproblas",
}

@inproceedings{Risse2016,
author = "Thomas Risse",
title = "It's Time for Unums—an Alternative to {IEEE} 754 Floats and Doubles",
booktitle = "Proceedings of the Fifth International Conference on Signal \& Image Processing (SIP-2016)",
year = 2016,
pages = "50--51",
}

@inproceedings{Steele1991,
author = "Guy L. Steele Jr. and Jon L. White",
title = "How to print floating-point numbers accurately",
booktitle = "Proceedings of the 1990 {ACM} {SIGPLAN} Conference on Programming Language Design and Implementation (PLDI '90)",
year = 1991,
pages = "372--389",
url = "http://kurtstephens.com/files/p372-steele.pdf",
}

@techreport{Thall2007,
author = "Andrew Thall",
title = "Extended-Precision Floating-Point Numbers for {GPU} Computation",
institution = "The University of North Carolina at Chapel Hill",
year = 2007,
number = "CIM-007-01",
url = "http://andrewthall.org/papers/df64\_qf128.pdf",
}

@misc{UrbitBreach,
author = "Urbit",
title = "The Last Network Breach",
year = 2020,
url = "https://roadmap.urbit.org/project/last-network-breach",
}

@misc{UrbitEpoch,
author = "\texttt{\textasciitilde mastyr-bottec}",
title = "Epoch System",
year = 2020,
url = "https://roadmap.urbit.org/project/epoch-system",
}

@misc{Urbit,
author = "Urbit",
title = "Urbit",
year = 2023,
note = "Git repository",
url = "https://github.com/urbit/urbit",
}

@misc{UWasm,
author = "\texttt{\textasciitilde dozreg-toplud}",
title = "UWasm",
year = 2023,
note = "Git repository",
url = "https://github.com/Quodss/urwasm",
}

@misc{Wang2019,
author = "Shibo Wang and Pankaj Kanwar",
title = "{BFloat16}: The secret to high performance on Cloud {TPUs}",
journal = "Google Cloud Blog",
year = 2019,
url = "https://cloud.google.com/blog/products/ai-machine-learning/bfloat16-the-secret-to-high-performance-on-cloud-tpus",
}
